@book{Zeller:2005:WPF:1077048,
 author = {Zeller, Andreas},
 title = {Why Programs Fail: A Guide to Systematic Debugging},
 year = {2005},
 isbn = {1558608664},
 publisher = {Morgan Kaufmann Publishers Inc.},
 address = {San Francisco, CA, USA},
} 

@misc{mashableNews,
	title = {{Facebook, Tinder, Instagram suffer widespread issues}},
        year = 2015,
	note = {\url{http://mashable.com/2015/01/27/facebook-tinder-instagram-issues/}}
}

%A
@inproceedings{raychev2015predicting,
  title={Predicting program properties from big code},
  author={Raychev, Veselin and Vechev, Martin and Krause, Andreas},
  booktitle={ACM SIGPLAN Notices},
  volume={50},
  number={1},
  pages={111--124},
  year={2015},
  organization={ACM}
}
@article{lei2016rationalizing,
  title={Rationalizing neural predictions},
  author={Lei, Tao and Barzilay, Regina and Jaakkola, Tommi},
  journal={arXiv preprint arXiv:1606.04155},
  year={2016}
}
@article{kolmogorov1965,
  title={Three approaches to the definition of the concept “quantity of information”},
  author={Kolmogorov, Andrei Nikolaevich},
  journal={Problemy peredachi informatsii},
  volume={1},
  number={1},
  pages={3--11},
  year={1965},
  publisher={Russian Academy of Sciences, Branch of Informatics, Computer Equipment and Automatization}
}
@article{han2007frequent,
  title={Frequent pattern mining: current status and future directions},
  author={Han, Jiawei and Cheng, Hong and Xin, Dong and Yan, Xifeng},
  journal={Data Mining and Knowledge Discovery},
  volume={15},
  number={1},
  pages={55--86},
  year={2007},
  publisher={Springer}
}
@article{langley1995applications,
  title={Applications of machine learning and rule induction},
  author={Langley, Pat and Simon, Herbert A},
  journal={Communications of the ACM},
  volume={38},
  number={11},
  pages={54--64},
  year={1995},
  publisher={ACM}
}
@inproceedings{agrawal1993mining,
  title={Mining association rules between sets of items in large databases},
  author={Agrawal, Rakesh and Imieli{\'n}ski, Tomasz and Swami, Arun},
  booktitle={Acm sigmod record},
  volume={22},
  number={2},
  pages={207--216},
  year={1993},
  organization={ACM}
}
@misc{mysql-manual15,
 author = {Widenius, Michael and Axmark, Davis},
 title = {Mysql 5.7 Reference Manual},
 year = {2015},
 address = {Redwood Shores, CA, USA},
 note = {\url{http://dev.mysql.com/doc/refman/5.7/en/}}
} 

@inproceedings{agrawal03information,
  author 		= {Rakesh Agrawal and
            	 Alexandre V. Evfimievski and
               Ramakrishnan Srikant},
  title 		= {Information sharing across private databases},
  booktitle = {\bibbrev{SIGMOD}{ACM SIGMOD}},
	location 	= {San Diego, CA},
  month 		= jun,
  year 			= 2003
}

@inproceedings{santolucitoCAV,
  author    = {Mark Santolucito and
               Ennan Zhai and
               Ruzica Piskac},
  title     = {Probabilistic Automated Language Learning for Configuration
              Files},
  booktitle = {\bibconf[28th]{CAV}{Computer Aided Verification}},
  location  = {Toronto, CAN},
  month     = jul,
  year      = 2016
}

@inproceedings{aguilera03performance,
  author    = {Marcos Kawazoe Aguilera and
               Jeffrey C. Mogul and
               Janet L. Wiener and
               Patrick Reynolds and
               Athicha Muthitacharoen},
  title     = {Performance debugging for distributed systems of 
               black boxes},
  booktitle = {\bibconf[19th]{SOSP}{ACM Symposium on Operating
               Systems Principles}},
  location  = {Bolton Landing, NY},
  month     = oct,
  year      = 2003
}

@inproceedings{attariyan10automating,
  author    = {Mona Attariyan and
               Jason Flinn},
  title     = {Automating configuration troubleshooting with dynamic
	             information flow analysis},
  booktitle = {\bibconf[9th]{OSDI}{USENIX Symposium on Operating Systems
               Design and Implementation}},
  location  = {Vancouver, Canada},
  month     = oct,
  year      = 2010
}

@inproceedings{attariyan12x-ray,
  author    = {Mona Attariyan and
			         Michael Chow and
               Jason Flinn},
  title     = {X-ray: {A}utomating root-cause diagnosis of performance
	             anomalies in production software},
  booktitle = {\bibconf[10th]{OSDI}{USENIX Symposium on Operating Systems
               Design and Implementation}},
  location  = {Hollywood, CA},
  month     = oct,
  year      = 2012
}

%B

@inproceedings{bahl07highly,
  author    = {Paramvir Bahl and
               Ranveer Chandra and
               Albert G. Greenberg and
               Srikanth Kandula and
               David A. Maltz and
               Ming Zhang},
  title     = {Towards Highly Reliable Enterprise Network Services Via
               Inference of Multi-level Dependencies},
  booktitle = {\bibconf{SIGCOMM}{ACM SIGCOMM}},
  location  = {Kyoto, Japan},
  month     = aug,
  year      = 2007
}

@inproceedings{barham04using,
  author    = {Paul Barham and
               Austin Donnelly and
               Rebecca Isaacs and
               Richard Mortier},
  title     = {Using {M}agpie for Request Extraction and Workload 
			         Modelling},
  booktitle = {\bibconf[6th]{OSDI}{USENIX Symposium on Operating Systems
               Design and Implementation}},
  location  = {San Francisco, CA},
  month     = dec,
  year      = 2004
}

@inproceedings{basescu12robust,
  author    = {Cristina Basescu and
               Christian Cachin and
               Ittay Eyal and
               Robert Haas and
               Alessandro Sorniotti and
               Marko Vukolic and
               Ido Zachevsky},
  title     = {Robust Data Sharing with Key-Value Stores},
  booktitle = {\bibconf[42nd]{DSN}{IEEE/IFIP International 
               Conference on Dependable Systems and Networks}},
  location  = {Boston, MA},
  month     = jun,
  year      = 2012
}

@inproceedings{benson10network,
	author 		= {Theophilus Benson and
		  			   Aditya Akella and
		           David A. Maltz},
	title 		= {Network traffic characteristics of data centers in the 
		           wild},
	booktitle = {\bibconf{IMC}{Internet Measurement Conference}},
	location  = {Melbourne, Australia},
	month 		= nov,
	year 			= 2010
}

@inproceedings{bessani11depsky,
  author    = {Alysson Neves Bessani and
               Miguel P. Correia and
               Bruno Quaresma and
               Fernando Andr{\'e} and
               Paulo Sousa},
  title     = {{DepSky}: {D}ependable and secure storage in a 
               cloud-of-clouds},
  booktitle = {\bibconf[6th]{EuroSys}{ACM European Conference on Computer 
			         Systems}},
  location  = {Salzburg, Austria},
  month     = apr,
  year      = 2011
}

@inproceedings{blundo12espresso,
  author 		= {Carlo Blundo and
               Emiliano de Cristofaro and
               Paolo Gasti},
  title 		= {{EsPRESSo}: {E}fficient privacy-preserving evaluation
               of sample set similarity},
  journal 	= {Journal of Computer Security},
	volume 		= {22},
	number 		= {3},
	pages			= {355--381},
  year 			= 2014
}

@inproceedings{bonvin10aself-organized,
  author    = {Nicolas Bonvin and
               Thanasis G. Papaioannou and
               Karl Aberer},
  title     = {A self-organized, fault-tolerant and scalable replication
               scheme for cloud storage},
  booktitle = {\bibconf{SoCC}{ACM Symposium on Cloud Computing}},
  location  = {Indianapolis, IN},
  month     = jun, 
  year      = 2010
}

%url = "citeseer.nj.nec.com/broder97resemblance.html"
@inproceedings{broder97resemblance,
  author 		= {Andrei Z. Broder},
  title 		= {On the resemblance and containment of documents},
  booktitle = {\bibconf{SEQUENCES}{Compression and Complexity of 
			         Sequences}},
  month 		= jun,
  year 			= 1997
}

%C

@inproceedings{chen04path,
  author    = {Mike Y. Chen and
               Anthony Accardi and
               Emre Kiciman and
               David A. Patterson and
               Armando Fox and
               Eric A. Brewer},
  title     = {Path-based failure and evolution management},
  booktitle = {\bibconf[1st]{NSDI}{USENIX Symposium on Networked System 
               Design and Implementation}},
  location  = {San Francisco, CA},
  month     = mar,
  year      = 2004
}

@inproceedings{chen08automating,
  author    = {Xu Chen and
               Ming Zhang and
               Zhuoqing Morley Mao and
               Paramvir Bahl},
  title     = {Automating network application 
               dependency discovery: {E}xperiences,
               limitations, and new Solutions},
  booktitle = {\bibconf[8th]{OSDI}{USENIX Symposium on Operating Systems
               Design and Implementation}},
  location  = {San Diego, CA},
  month     = dec,
  year      = 2008
}

@inproceedings{chen10declarative,
  author    = {Xu Chen and
               Yun Mao and
               Zhuoqing Morley Mao and
               Jacobus E. van der Merwe},
  title     = {Declarative configuration management for complex and 
			         dynamic networks},
  booktitle = {\bibconf{CoNEXT}{ACM CoNEXT}},
  location  = {Philadelphia, PA},
  month     = nov,
  year      = 2010
}



%D

@inproceedings{dobrescu14software,
		author = {Mihai Dobrescu and
		          Katerina J. Argyraki},
		title = {Software dataplane verification},
		booktitle = {\bibconf[11th]{NSDI}{USENIX Symposium on Networked System
				Design and Implementation}},
		location = {Seattle, WA},
		month = apr,
		year = 2014
}



%E

@inproceedings{enck07configuration,
	author 		= {William Enck and
		           Patrick Drew McDaniel and
							 Subhabrata Sen and
							 Panagiotis Sebos and
							 Sylke Spoerel and
							 Albert G. Greenberg and
							 Sanjay G. Rao and
               William Aiello},	
	title			= {Configuration Management at Massive Scale: 
			         {S}ystem Design and Experience},
	booktitle = {\bibconf{USENIX ATC}{USENIX Annual Technical Conference}},
	location	= {Santa Clara, CA},
	month 		= Jun,
	year 			= 2007
}

%F

%G

%H

@inproceedings{huang15confvalley,
  author 		= {Peng Huang and
		           William J. Bolosky and
		           Abhishek Singh and
		           Yuanyuan Zhou},
	title			= {ConfValley: {A} systematic configuration validation 
		           framework for cloud services},
	booktitle = {\bibconf[10th]{EuroSys}{European Conference on 
			         Computer Systems}},
  location 	= {Bordeaux, France},
  month 		= apr,
  year 			= 2015
}

%I

%J

%K

@inproceedings{kissner05privacy,
  author    = {Lea Kissner and
               Dawn Xiaodong Song},
  title     = {Privacy-Preserving Set Operations},
  booktitle = {\bibconf[25th]{CRYPTO}{Annual International 
              Cryptology Conference}},
  publisher = {Springer},
  location  = {Santa Barbara, CA},
  month     = aug,
  year      = 2005
}



%L

@inproceedings{loo05declarative,
  author    = {Boon Thau Loo and
               Joseph M. Hellerstein and
               Ion Stoica and
               Raghu Ramakrishnan},
  title     = {Declarative routing: 
			         {E}xtensible routing with declarative queries},
  booktitle = {\bibconf{SIGCOMM}{ACM SIGCOMM}},
  location  = {Philadelphia, Pennsylvania},
  month     = aug,
  year      = 2005
}

@inproceedings{lopes15checking,
		author = {Nuno P. Lopes and
		          Nikolaj Bj{\o}rner and
		          Patrice Godefroid and
		          Karthick Jayaraman and
		          George Varghese},
		title = {Checking beliefs in dynamic networks},
		booktitle = {\bibconf[12th]{NSDI}{USENIX Symposium on Networked System
				Design and Implementation}},
		location = {Oakland, CA},
		month = may,
		year = 2015
}

%M

%N

%O

%P

%Q

%R

@inproceedings{raychev15predicting,
	author = {Veselin Raychev and
	          Martin T. Vechev and
	          Andreas Krause},
	title = {Predicting program properties from ``big code''},
	booktitle = {\bibconf[42nd]{POPL}{ACM SIGPLAN-SIGACT} Symposium on 
			         Principles of Programming Languages},
	location = {Mumbai, India},
	month = jan,
	year = 2015
}

@inproceedings{raychev16learning,
	author = {Veselin Raychev and
	          Pavol Bielik and
			      Martin T. Vechev and
	          Andreas Krause},
	title = {Learning programs from noisy data},
	booktitle = {\bibconf[43rd]{POPL}{ACM SIGPLAN-SIGACT} Symposium on 
			         Principles of Programming Languages},
	location = {St. Petersburg, FL},
	month = jan,
	year = 2016
}


%S

@inproceedings{su07autobash,
  author    = {Ya{-}Yunn Su and
               Mona Attariyan and 
	             Jason Flinn},
  title     = {Auto{B}ash: {I}mproving configuration management with
	             operating systems},
  booktitle = {\bibconf[21st]{SOSP}{ACM Symposium on Operating
               Systems Principles}},
  location  = {Stevenson, Washington},
  month     = oct,
  year      = 2007
}

%T

%U

%V

%W

@inproceedings{whitaker04configuration,
  author    = {Andrew Whitaker and
               Richard S. Cox and
	             Steven D. Gribble},
  title     = {Configuration debugging as search: {F}inding the
	             needle in the haystack},
  booktitle = {\bibconf[6th]{OSDI}{USENIX Symposium on Operating Systems
               Design and Implementation}},
  location  = {San Francisco, CA},
  month     = dec,
  year      = 2004
}

@inproceedings{wang04automatic,
  author    = {Helen J. Wang and
               John C. Platt and
	             Yu Chen and
	             Ruyun Zhang and
	             Yi{-}Min Wang},
  title     = {Automatic misconfiguration troubleshooting 
			         with {P}eer{P}ressure},
  booktitle = {\bibconf[6th]{OSDI}{USENIX Symposium on Operating Systems
               Design and Implementation}},
  location  = {San Francisco, CA},
  month     = dec,
  year      = 2004
}

%X

@article{xu15systems,
  author	=	{Tianyin Xu and
	           Yuanyuan Zhou},
  title 	= {Systems approaches to tackling configuration errors: 
			       {A} survey},
  journal = {{ACM} Comput. Surv.},
  volume 	= {47},
  number	= {4},
  pages 	= {70},
  year 		= 2015
}

@inproceedings{xu13do,
  author    = {Tianyin Xu and
               Jiaqi Zhang and
               Peng Huang and
               Jing Zheng and
               Tianwei Sheng and
	             Ding Yuan and
	             Yuanyuan Zhou and
	             Shankar Pasupathy},
  title     = {Do not blame users for misconfigurations},
  booktitle = {\bibconf[24th]{SOSP}{ACM Symposium on Operating
               Systems Principles}},
  location  = {Farmington, PA},
  month     = nov,
  year      = 2013
}

@inproceedings{xu15hey,
  author    = {Tianyin Xu and
               Long Jin and
               Xuepeng Fan and
               Yuanyuan Zhou and
	             Shankar Pasupathy and
	             Rukma Talwadker},
  title     = {Hey, you have given me too many knobs!: 
			         understanding and dealing with over-designed
	             configuration in system software},
  booktitle = {\bibconf[10th]{ESEC/FSE}{Joint Meeting on Foundations
	             of Software Engineering}},
  location  = {Bergamo, Italy},
  month     = aug,
  year      = 2015
}

%Y

@inproceedings{yin11anempirical,
  author    = {Zuoning Yin and
               Xiao Ma and
               Jing Zheng and
               Yuanyuan Zhou and
               Lakshmi N. Bairavasundaram and
	             Shankar Pasupathy},
  title     = {An empirical study on configuration errors in commercial
	             and open source systems},
  booktitle = {\bibconf[23rd]{SOSP}{ACM Symposium on Operating
               Systems Principles}},
  location  = {Cascais, Portugal},
  month     = oct,
  year      = 2011
}

%Z

@inproceedings{zhai14heading,
  author    = {Ennan Zhai and
               Ruichuan Chen and
               David Isaac Wolinsky and
               Bryan Ford},
  title     = {Heading off correlated failures through 
			         {I}ndependence-as-a-{s}ervice},
  booktitle = {\bibconf[11th]{OSDI}{USENIX Symposium on Operating Systems 
			         Design and Implementation}},
  location  = {Broomfield, CO},
  month     = oct,
  year      = 2014
}

@inproceedings{zhang14encore,
	author		= {Jiaqi Zhang and
	             Lakshminarayanan Renganarayana and
	             Xiaolan Zhang and
	             Niyu Ge and
	             Vasanth Bala and 
	             Tianyin Xu and
	             Yuanyuan Zhou},
	title			= {EnCore: {E}xploiting system environment and correlation 
			         information for misconfiguration detection},
	booktitle	= {\bibconf{ASPLOS}{Architectural Support for Programming 
			         Languages and Operating Systems}},
	location	= {Salt Lake City, UT},
	month			= mar,
	year 			= 2014
}

@inproceedings{yuan11context,
	author 		= {Ding Yuan and
	             Yinglian Xie and
	             Rina Panigrahy and
	             Junfeng Yang and
	             Chad Verbowski and
	             Arunvijay Kumar},
	title			= {Context-based online configuration-error detection},
	booktitle = {\bibconf{USENIX ATC}{USENIX Annual Technical Conference}},
	location	= {Portland, OR},
	month 		= Jun,
	year 			= 2011
}

@misc{configdataset,
	title = {{Misconfiguration dataset}},
	note = {\url{https://github.com/tianyin/configuration_datasets}}
}

 
@misc{parallel,
  title = {{parallel-3.2.1.0: Parallel programming library}},
  note = {\url{https://hackage.haskell.org/package/parallel-3.2.1.0/docs/Control-Parallel-Strategies.html}}
}

@misc{correlation,
  title = {Fine-grained value correlation error},
	note={\url{http://serverfault.com/questions/628414/my-cnf-configuration-in-mysql-5-6-x}}
}

@misc{singleValue,
  title = {Singular value error},
	note={\url{http://stackoverflow.com/questions/1980004/2006-mysql-server-has-gone-away-error-in-wamp}}
}



@inproceedings{Launchbury93lazyfunctional,
    author = {John Launchbury and Simon L. Peyton Jones},
    title = {Lazy Functional State Threads},
    booktitle = {Programming Language Design and Implementation (PLDI)},
    year = {1993},
    pages = {24--35},
    publisher = {ACM Press}
}

@misc{OpenStack,
  title     = {{OpenStack}},
  note      = {\url{http://www.openstack.org/}}
}

@misc{syserror,
  title     = {{Problem moving a MySQL data directory}},
  note      =
	{\url{http://serverfault.com/questions/281217/problem-moving-a-mysql-data-directory-to-a-new-drive}}
}

@inproceedings{Leino10Dafny,
  author    = {K. Rustan M. Leino},
  title     = {Dafny: An Automatic Program Verifier for Functional Correctness},
  booktitle = {Logic for Programming, Artificial Intelligence, and Reasoning - 16th
               International Conference, LPAR-16},
  pages     = {348--370},
  year      = {2010}
}

@inproceedings{PiskacWZ14,
  author    = {Ruzica Piskac and
               Thomas Wies and
               Damien Zufferey},
  title     = {GRASShopper - Complete Heap Verification with Mixed Specifications},
  booktitle = {Tools and Algorithms for the Construction and Analysis of Systems
               - 20th International Conference, {TACAS} 2014},
  pages     = {124--139},
  year      = {2014}
}

@misc{stackoverflow,
	title = {{Stack Overflow}},
	note = {\url{http://stackoverflow.com/}}
}

@misc{querylog,
	title = {{The issue for slow query log}},
	note = {\url{http://forum.directadmin.com/showthread.php?t=47547}}
}

@misc{coarse-grain,
	title = {{MySQL Server has gone away error in Wamp}},
	note =
	{\url{http://stackoverflow.com/questions/1980004/2006-mysql-server-has-gone-away-error-in-wamp}}
}

@misc{missing,
	title = {{MySQL missing key\_buffer in my.cnf}},
	note =
	{\url{http://stackoverflow.com/questions/26005211/mysql-missing-key-buffer-size-in-my-cnf}}
}

@misc{innod-ordering,
	title = {{Fatal Error: Cannot allocate memory for the buffer pool.}},
	note =
	{\url{http://dba.stackexchange.com/questions/25165/intermittent-mysql-crashes-with-error-fatal-error-cannot-allocate-memory-for-t}}
}

@misc{missingentry,
	title = {{PHP CLI Segmentation Fault with pgsql}},
	note = {\url{http://linux.m2osw.com/php_cli_segmentation_fault_with_pgsql}}
}

@misc{typeerror,
	title = {{Type Error Example}},
	note =
	{\url{https://github.com/thekad/puppet-module-mysql/blob/master/templates/my.cnf.erb}}
}

@article{BobotFMP15,
  author    = {Fran{\c{c}}ois Bobot and
               Jean{-}Christophe Filli{\^{a}}tre and
               Claude March{\'{e}} and
               Andrei Paskevich},
  title     = {Let's verify this with Why3},
  journal   = {{STTT}},
  volume    = {17},
  number    = {6},
  pages     = {709--727},
  year      = {2015}
}

@inproceedings{xu16early,
  author    = {Tianyin Xu and
               Xinxin Jin and
               Peng Huang and
               Yuanyuan Zhou and
	             Shan Lu and
	             Long Jin and
	             Shankar Pasupathy},
  title     = {Early detection of configuration errors to reduce
	             failure damage},
  booktitle = {\bibconf[12th]{OSDI}{USENIX Symposium on Operating Systems 
			         Design and Implementation}},
  location  = {Savannah, GA},
  month     = nov,
  year      = 2016
}


@misc{order1,
	title = {{mysetup}},
        year = 2017,
	note =
	{\url{https://raw.githubusercontent.com/kazeburo/mysetup/99ba8656f54b1b36f4a7c93941e113adc2f05f70/mysql/my55.cnf}}
}

@misc{order3,
	title = {{isucon2-summer-ruby}},
        year = 2017,
	note =
	{\url{https://raw.githubusercontent.com/co-me/isucon2-summer-ruby/1f633384f485fb7282bbbf42f2bf5d18410f7307/config/database/my.cnf}}
}

@misc{missing2,
	title = {{Aymargeddon}},
        year = 2017,
	note =
	{\url{https://raw.githubusercontent.com/bennibaermann/Aymargeddon/b85d23c0690b1c6a48a045ea45f4c8b19b036fa5/var/my.cnf}}
}

@misc{missing3,
	title = {{mini-2011}},
        year = 2017,
	note =
	{\url{https://raw.githubusercontent.com/funtoo/experimental-mini-2011/083598863a7c9659f188d31e15b39e3af0f56cab/dev-db/mysql/files/my.cnf}}
}

@misc{type1,
	title = {{Stats-analysis}},
        year = 2017,
	note =
	{\url{https://raw.githubusercontent.com/NCIP/stats-analysis/ec7a1a15b0a5a7518a061aedd2d601ea7cc2dfca/cacoresdk203.2.1/conf/download/my.cnf}}
}

@misc{type2,
	title = {{evansims}},
        year = 2017,
	note =
	{\url{https://raw.githubusercontent.com/evansims/scripts/715e4f4519bbff8bab5ab26a15256d79796c923a/config/mysql/my-2gb.cnf}}
}

@misc{type3,
	title = {{evansims-script}},
        year = 2017,
	note =
	{\url{https://raw.githubusercontent.com/evansims/scripts/715e4f4519bbff8bab5ab26a15256d79796c923a/config/mysql/my-1gb.cnf}}
}

@misc{fine1,
	title = {{Stats-analysis}},
        year = 2017,
	note = 
	{\url{https://raw.githubusercontent.com/NCIP/stats-analysis/ec7a1a15b0a5a7518a061aedd2d601ea7cc2dfca/cacoresdk203.2.1/conf/download/my.cnf}}
}

@misc{fine2,
	title = {{vitroot}},
        year = 2017,
	note =
	{\url{https://raw.githubusercontent.com/vitroot/configs/90441204dbae37521912eaaeedd3574db07b8ae4/my.cnf}}
}

@misc{int1,
	title = {{vps}},
        year = 2017,
	note =
	{\url{https://raw.githubusercontent.com/rarescosma/vps/7d0b898bb30eecac65158f704b43bb4d1ca06dbe/_config/mysql/my.cnf}}
}

@misc{int2,
	title = {{containerization}},
        year = 2017,
	note =
	{\url{https://raw.githubusercontent.com/billycyzhang/containerization/78c6e8fefbafb89de8c28296e83a2f6fefe03879/enterprise-images/mariadb/my.cnf}}
}

@misc{int3,
	title = {{puppet}},
        year = 2017,
	note =
	{\url{https://raw.githubusercontent.com/a2o/puppet-modules-a2o-essential/9e48057cc1320de52548ff019352299bc4bd5069/modules/a2o_essential_linux_mysql/files/my.cnf}}
}

@misc{order2,
	title = {{container}},
        year = 2017,
	note =
	{\url{https://www.dropbox.com/s/5alc0zs0qp5i529/ybh8r3n2avj7sqd1rcmx0orzry23bopl.cnf?dl=0}}
}

@misc{missing1,
	title = {{vitroot2}},
        year = 2017,
	note =
	{\url{https://www.dropbox.com/s/qcfmsx12i4pjjtd/missing.cnf?dl=0}}
}

@misc{fine3,
	title = {{vit-analysis}},
        year = 2017,
	note =
	{\url{https://www.dropbox.com/s/09joln8kacu9ceq/ekqjat6m1j5nv9ihjhua9q89sid77cso.cnf?dl=00}}
}
