@inproceedings{ChenDA12,
  author    = {Yan Chen and
               Joshua Dunfield and
               Umut A. Acar},
  title     = {Type-directed automatic incrementalization},
  booktitle = {{ACM} {SIGPLAN} Conference on Programming Language Design and Implementation,
               {PLDI} '12, Beijing, China - June 11 - 16, 2012},
  pages     = {299--310}
}


@inproceedings{ChenAT14,
  author    = {Yan Chen and
               Umut A. Acar and
               Kanat Tangwongsan},
  title     = {Functional programming for dynamic and large data with self-adjusting
               computation},
  booktitle = {Proceedings of the 19th {ACM} {SIGPLAN} international conference on
               Functional programming, Gothenburg, Sweden, September 1-3, 2014},
  pages     = {227--240},
  year      = {2014}
}

@incollection{Bloem2014,
year={2014},
booktitle={Hardware and Software: Verification and Testing},
title={Automatic Error Localization for Software Using Deductive Verification},
author={KÃ¶nighofer, Robert and Toegl, Ronald and Bloem, Roderick},
pages={92-98},
}


@inproceedings{HerasLO07,
  author    = {Federico Heras and
               Javier Larrosa and
               Albert Oliveras},
  title     = {MiniMaxSat: {A} New Weighted Max-SAT Solver},
  booktitle = {Theory and Applications of Satisfiability Testing - {SAT} 2007, 10th
               International Conference, Lisbon, Portugal, May 28-31, 2007, Proceedings},
  pages     = {41--55}
}



@inproceedings{pldi/ZhangMVJ15,
  author    = {Danfeng Zhang and
               Andrew C. Myers and
               Dimitrios Vytiniotis and
               Simon L. Peyton Jones},
  title     = {Diagnosing type errors with class},
  booktitle = {Proceedings of the 36th {ACM} {SIGPLAN} Conference on Programming
               Language Design and Implementation, Portland, OR, USA, June 15-17,
               2015},
  pages     = {12--21}
}


@inproceedings{pldi/KuncakMPS10,
  author    = {Viktor Kuncak and
               Mika{\"{e}}l Mayer and
               Ruzica Piskac and
               Philippe Suter},
  title     = {Complete functional synthesis},
  booktitle = {Proceedings of the 2010 {ACM} {SIGPLAN} Conference on Programming
               Language Design and Implementation, {PLDI} 2010, Toronto, Ontario,
               Canada, June 5-10, 2010},
  pages     = {316--329}
}



@inproceedings{cav/KuncakMPS10,
  author    = {Viktor Kuncak and
               Mika{\"{e}}l Mayer and
               Ruzica Piskac and
               Philippe Suter},
  title     = {Comfusy: {A} Tool for Complete Functional Synthesis},
  booktitle = {Computer Aided Verification, 22nd International Conference, {CAV}
               2010, Edinburgh, UK, July 15-19, 2010. Proceedings},
  pages     = {430--433}
}

@inproceedings{JoseM11,
  author    = {Manu Jose and
               Rupak Majumdar},
  title     = {Cause clue clauses: error localization using maximum satisfiability},
  booktitle = {Proceedings of the 32nd {ACM} {SIGPLAN} Conference on Programming
               Language Design and Implementation, {PLDI} 2011, San Jose, CA, USA,
               June 4-8, 2011},
  pages     = {437--446}
}


@inproceedings{PavlinovicKW14,
  author    = {Zvonimir Pavlinovic and
               Tim King and
               Thomas Wies},
  title     = {Finding minimum type error sources},
  booktitle = {Proceedings of the 2014 {ACM} International Conference on Object Oriented
               Programming Systems Languages {\&} Applications, {OOPSLA} 2014},
  pages     = {525--542}
}

@inproceedings{VytiniotisJCR13,
  author    = {Dimitrios Vytiniotis and
               Simon L. Peyton Jones and
               Koen Claessen and
               Dan Ros{\'{e}}n},
  title     = {{HALO:} haskell to logic through denotational semantics},
  booktitle = {The 40th Annual {ACM} {SIGPLAN-SIGACT} Symposium on Principles of
               Programming Languages, {POPL} '13, Rome, Italy - January 23 - 25,
               2013},
  pages     = {431--442},
  year      = {2013}
}


@inproceedings{SenMA05,
  author    = {Koushik Sen and
               Darko Marinov and
               Gul Agha},
  title     = {{CUTE:} a concolic unit testing engine for {C}},
  booktitle = {Proceedings of the 10th European Software Engineering Conference held
               jointly with 13th {ACM} {SIGSOFT} International Symposium on Foundations
               of Software Engineering, 2005, Lisbon, Portugal, September 5-9, 2005},
  pages     = {263--272},
  year      = {2005}
}



@inproceedings{PiskacWZ14,
  author    = {Ruzica Piskac and
               Thomas Wies and
               Damien Zufferey},
  title     = {Automating Separation Logic with Trees and Data},
  booktitle = {Proceedings of the 26th International Conference on Computer Aided Verification {CAV}
               2014},
  pages     = {711--728},
  year      = {2014}
}


@inproceedings{tacasPiskacWZ14,
  author    = {Ruzica Piskac and
               Thomas Wies and
               Damien Zufferey},
  title     = {GRASShopper - Complete Heap Verification with Mixed Specifications},
  booktitle = {Tools and Algorithms for the Construction and Analysis of Systems
               - 20th International Conference, {TACAS} 2014},
  pages     = {124--139},
  year      = {2014}
}

@inproceedings{PiskacWZ13,
  author    = {Ruzica Piskac and
               Thomas Wies and
               Damien Zufferey},
  title     = {Automating Separation Logic Using {SMT}},
  booktitle = {Computer Aided Verification - 25th International Conference, {CAV}
               2013},
  pages     = {773--789},
  year      = {2013}
}

@MISC{Edvardsson99asurvey,
    author = {Jon Edvardsson},
    title = {A Survey on Automatic Test Data Generation},
    year = {1999}
}


@article{preSAGE,
  author    = {Patrice Godefroid and
               Jonathan de Halleux and
               Aditya V. Nori and
               Sriram K. Rajamani and
               Wolfram Schulte and
               Nikolai Tillmann and
               Michael Y. Levin},
  title     = {Automating Software Testing Using Program Analysis},
  journal   = {{IEEE} Software},
  volume    = {25},
  number    = {5},
  pages     = {30--37},
  year      = {2008}
}



@inproceedings{UDITA,
  author    = {Milos Gligoric and
               Tihomir 
               and
               Vilas Jagannath and
               Sarfraz Khurshid and
               Viktor Kuncak and
               Darko Marinov},
  title     = {Test generation through programming in {UDITA}},
  booktitle = {Proceedings of the 32nd {ACM/IEEE} International Conference on Software
               Engineering - Volume 1, {ICSE} 2010, Cape Town, South Africa, 1-8
               May 2010},
  pages     = {225--234},
  year      = {2010}
}


@inproceedings{strisynth,
	author    = {Sumit Gulwani and Mika\"el Mayer and Filip Niksic and Ruzica Piskac},
	title     = {StriSynth: Synthesis for Live Programming},
	booktitle = {Proceedings of the International Conference on Software Engineering, Demo Papers
(ICSE Demo 2015), Florence, Italy.},
	year      = {2015},
	note       = {To appear.}
}



@inproceedings{Reinking15,
	author    = {Alex Reinking and Ruzica Piskac},
	title     = {A Type-Directed Approach to Program Repair},
	booktitle = {Proceedings of the 27th International Conference on Computer Aided Verification {CAV} 2015, San Francisco, USA, July 18-24, 2015.},
	year      = {2015},
	note       = {To appear.}
}


@article{sketching,
year={2013},
issn={1433-2779},
journal={International Journal on Software Tools for Technology Transfer},
volume={15},
number={5-6},
doi={10.1007/s10009-012-0249-7},
title={Program sketching},
url={http://dx.doi.org/10.1007/s10009-012-0249-7},
publisher={Springer Berlin Heidelberg},
author={Solar-Lezama, Armando},
pages={475-495},
language={English}
}



@inproceedings{FeserCD15,
  author    = {John K. Feser and
               Swarat Chaudhuri and
               Isil Dillig},
  title     = {Synthesizing data structure transformations from input-output examples},
  booktitle = {Proceedings of the 36th {ACM} {SIGPLAN} Conference on Programming
               Language Design and Implementation, Portland, OR, USA, June 15-17,
               2015},
  pages     = {229--239},
  year      = {2015}
}


@inproceedings{poseraZ15,
  author    = {Peter{-}Michael Osera and
               Steve Zdancewic},
  title     = {Type-and-example-directed program synthesis},
  booktitle = {Proceedings of the 36th {ACM} {SIGPLAN} Conference on Programming
               Language Design and Implementation, Portland, OR, USA, June 15-17,
               2015},
  pages     = {619--630},
  year      = {2015}
}


@misc{bretVictorVideo,
  author    = {Bret Victor},
  firstkey  = {{American Psychological Association [APA]}},
  key       = {{BVV}},
  year      = {2000},
  title     = {Inventing on Principle},
  type      = {Motion picture},
  note      = {Available at \url{https://vimeo.com/36579366}},
}


@article{victor2012,
  author    = {Bret Victor},
  title = {Learnable Programming : designing a programming system for understanding programs},
    note      = {Available at \url{http://worrydream.com/LearnableProgramming/}},
  year = 2012
}

@inproceedings{McDirmid13oopsla,
  author    = {Sean McDirmid},
  title     = {Usable live programming},
  booktitle = {{ACM} Symposium on New Ideas in Programming and Reflections on Software,
               Onward! 2013, part of {SPLASH} '13, Indianapolis, IN, USA, October
               26-31, 2013},
  pages     = {53--62},
  year      = {2013},
  url       = {http://doi.acm.org/10.1145/2509578.2509585},
}

@phdthesis{HancockPhDThesis,
 author = {Hancock, Christopher Michael},
 title = {Real-time Programming and the Big Ideas of Computational Literacy},
 year = {2003},
 publisher = {Massachusetts Institute of Technology},
 address = {Cambridge, MA, USA},
} 


@inproceedings{BurckhardtFHMMTK13_PLDI,
  author    = {Sebastian Burckhardt and
               Manuel F{\"{a}}hndrich and
               Peli de Halleux and
               Sean McDirmid and
               Michal Moskal and
               Nikolai Tillmann and
               Jun Kato},
  title     = {It's alive! continuous feedback in {UI} programming},
  booktitle = {{ACM} {SIGPLAN} Conference on Programming Language Design and Implementation,
               {PLDI} '13, Seattle, WA, USA, June 16-19, 2013},
  pages     = {95--104},
  year      = {2013},
  url       = {http://doi.acm.org/10.1145/2462156.2462170}
}

@inproceedings{McDirmidE14,
  author    = {Sean McDirmid and
               Jonathan Edwards},
  title     = {Programming with Managed Time},
  booktitle = {Onward! 2014, Proceedings of the 2014 {ACM} International Symposium
               on New Ideas, New Paradigms, and Reflections on Programming {\&}
               Software, part of {SLASH} '14, Portland, OR, USA, October 20-24, 2014},
  pages     = {1--10},
  year      = {2014},
  url       = {http://doi.acm.org/10.1145/2661136.2661145}
}

@article{Perera08Journal,
  author    = {Roly Perera},
  title     = {Programming Languages For Interactive Computing},
  journal   = {Electr. Notes Theor. Comput. Sci.},
  volume    = {203},
  number    = {3},
  pages     = {35--52},
  year      = {2008},
  url       = {http://dx.doi.org/10.1016/j.entcs.2008.04.085}
}


@misc{govReport,
  title = {{The Nation's Report Card}},
  howpublished = "\url{http://www.nationsreportcard.gov/reading_math_2013/#/state-gaps}",
  year = {2013}, 
  note = "[Online; accessed July-10-2015]"
}


@PREAMBLE{ {\providecommand{\noopsort}[1]{}} }

@article{GulwaniHS12,
  author    = {Sumit Gulwani and
               William R. Harris and
               Rishabh Singh},
  title     = {Spreadsheet data manipulation using examples},
  journal   = {Commun. ACM},
  volume    = {55},
  number    = {8},
  year      = {2012},
  pages     = {97-105}
}

@book{lieberman01,
  author = {Lieberman, H.},
  publisher = {Morgan Kaufmann},
  title = {{Your Wish Is My Command: Programming by Example}},
  year = {2001},
}

@book{cypher93,
  title={Watch what I Do: Programming by Demonstration},
  author={Cypher, A. and Halbert, D.C.},
  year={1993},
  publisher={MIT Press},
}



@Article{synasc12,
  author = {Sumit Gulwani},
  title = {Synthesis from Examples: Interaction Models and Algorithms},
  journal = {14th International Symposium on Symbolic and Numeric Algorithms for Scientific Computing},
  year =  {2012},
  note = {{Invited talk paper}},
}

@article{vldb12,
  author    = {Rishabh Singh and Sumit Gulwani},
  title     = {Learning Semantic String Transformations from Examples},
  journal   = {PVLDB},
  volume    = {5},
  year      = {2012},
}


@misc{flashfill,
title = {{Flash Fill (Microsoft Excel 2013 feature)}},
notea = {\\\url{{http://research.microsoft.com/en-us/um/people/sumitg/flashfill.html}}},
note = {\\\url{{http://research.microsoft.com/users/sumitg/flashfill.html}}},
key = {wwwwww}
}

@misc{mmv,
title = {\noopsort{wwwwa}{The mmv command}},
note = {\\\url{{http://manpages.ubuntu.com/manpages/precise/man1/mmv.1.html}}},
key = {wwwwww}
}

@misc{rename,
title = {{The rename command}},
note = {\\\url{{http://linux.die.net/man/1/rename}}},
key = {wwwwww}
}

@misc{profrenamer,
title = {{Oscar Renamer Pro}},
note = {\\\url{{http://mediachance.com/free/renamer.htm}}},
key = {wwwwww}
}

@misc{ren-regexp,
title = {{Ren-Regexp}},
note = {\\\url{{https://github.com/msabramo/ren-regexp}}},
key = {wwwwww}
}

@misc{bulkrename,
title = {{Bulk Rename Utiliy for Windows}},
note = {\\\url{{http://www.bulkrenameutility.co.uk/Main_Intro.php}}},
key = {wwwwww}
}

@misc{wildrename,
title = {{WildRename}},
note = {\\\url{{http://www.cylog.org/utilities/wildrename.jsp}}},
key = {wwwwww}
}

@misc{advancedrenamer,
title = {{AdvancedRenamer}},
note = {\\\url{{http://www.advancedrenamer.com}}},
key = {wwwwww}
}

@misc{joejoesoft,
title = {{Rename Master}},
note = {\\\url{{http://www.joejoesoft.com/vcms/108}}},
key = {wwwwww}
}

@misc{Quickfilerename,
title = {{QuickFileRename}},
note = {\\\url{{http://www.skyjuicesoftware.com/software/QuickFileRename}}},
key = {wwwwww}
}

@misc{AntRenamer,
title = {{Ant Renamer}},
note = {\\\url{{http://www.antp.be/software/renamer}}},
key = {wwwwww}
}


@Article{wambse12,
  author = {Sumit Gulwani},
  title = {Synthesis from Examples},
  journal = {WAMBSE (Workshop on Advances in Model-Based Software Engineering) Special Issue, Infosys Labs Briefings},
  year =  {2012},
  volume = {10},
  number = {2},
  note = {{Invited talk paper}},
}



@inproceedings{BurckhardtFHMMTK13,
  author    = {Sebastian Burckhardt and
               Manuel F{\"a}hndrich and
               Peli de Halleux and
               Sean McDirmid and
               Michal Moskal and
               Nikolai Tillmann and
               Jun Kato},
  title     = {It's alive! continuous feedback in UI programming},
  booktitle = {PLDI},
  year      = {2013},
  pages     = {95-104}
  }

@inproceedings{flashFillPOPL,
  author    = {Sumit Gulwani},
  title     = {Automating string processing in spreadsheets using input-output
               examples},
  booktitle = {POPL},
  year      = {2011},
  pages     = {317-330},
}

@inproceedings{icml13,
  author    = {Aditya Krishna Menon and
               Omer Tamuz and
               Sumit Gulwani and
               Butler W. Lampson and
               Adam Kalai},
  title     = {A Machine Learning Framework for Programming by Example},
  booktitle = {ICML (1)},
  year      = {2013},
  pages     = {187-195},
}



@inproceedings{cav12,
  author    = {Rishabh Singh and
               Sumit Gulwani},
  title     = {Synthesizing Number Transformations from Input-Output Examples},
  booktitle = {CAV},
  year      = {2012},
  pages     = {634-651},
}

@inproceedings{flashFillPLDIexamples,
  author    = {William R. Harris and
               Sumit Gulwani},
  title     = {Spreadsheet table transformations from examples},
  booktitle = {PLDI},
  year      = {2011},
  pages     = {317-328}
  }


@inproceedings{GveroKKP13,
  author    = {Tihomir Gvero and
               Viktor Kuncak and
               Ivan Kuraj and
               Ruzica Piskac},
  title     = {Complete completion using types and weights},
  booktitle = {PLDI},
  year      = {2013},
  pages     = {27-38}
}

@inproceedings{Scaffidi08,
 author = {Scaffidi, Christopher and Myers, Brad and Shaw, Mary},
 title = {Topes: Reusable Abstractions for Validating Data},
 booktitle = {Proceedings of the 30th International Conference on Software Engineering},
 series = {ICSE '08},
 year = {2008},
 pages = {1--10},
 publisher = {ACM},
} 

@inproceedings{GveroKP11,
  author    = {Tihomir Gvero and
               Viktor Kuncak and
               Ruzica Piskac},
  title     = {Interactive Synthesis of Code Snippets},
  booktitle = {CAV},
  year      = {2011},
  pages     = {418-423}
  }



@article{KuncakMPS12,
  author    = {Viktor Kuncak and
               Mika{\"e}l Mayer and
               Ruzica Piskac and
               Philippe Suter},
  title     = {Software synthesis procedures},
  journal   = {Commun. ACM},
  volume    = {55},
  number    = {2},
  year      = {2012},
  pages     = {103-111}
  }


@inproceedings{KuncakMPS10,
  author    = {Viktor Kuncak and
               Mika{\"e}l Mayer and
               Ruzica Piskac and
               Philippe Suter},
  title     = {Complete functional synthesis},
  booktitle = {PLDI},
  year      = {2010},
  pages     = {316-329}
  }

@inproceedings{KuncakMPS10CAV,
  author    = {Viktor Kuncak and
               Mika{\"e}l Mayer and
               Ruzica Piskac and
               Philippe Suter},
  title     = {Comfusy: A Tool for Complete Functional Synthesis},
  booktitle = {CAV},
  year      = {2010},
  pages     = {430-433}
  }

@article{ManberM93,
  author    = {Udi Manber and
               Eugene W. Myers},
  title     = {Suffix Arrays: A New Method for On-Line String Searches},
  journal   = {SIAM J. Comput.},
  volume    = {22},
  number    = {5},
  year      = {1993},
  pages     = {935-948},
  ee        = {http://dx.doi.org/10.1137/0222058},
  bibsource = {DBLP, http://dblp.uni-trier.de}
}

@inproceedings{Miller01,
 author = {Miller, Robert C. and Myers, Brad A.},
 title = {Interactive Simultaneous Editing of Multiple Text Regions},
 booktitle = {Proceedings of the General Track: 2002 USENIX Annual Technical Conference},
 year = {2001},
 pages = {161--174},
 publisher = {USENIX Association}
} 

@inproceedings{Lau03,
 author = {Lau, Tessa and Domingos, Pedro and Weld, Daniel S.},
 title = {Learning Programs from Traces Using Version Space Algebra},
 booktitle = {Proceedings of the 2Nd International Conference on Knowledge Capture},
 series = {K-CAP '03},
 year = {2003},
 pages = {36--43},
 publisher = {ACM}
} 

@inproceedings{wrangler11,
  author    = {Sean Kandel and
               Andreas Paepcke and
               Joseph Hellerstein and
               Jeffrey Heer},
  title     = {Wrangler: interactive visual specification of data transformation
               scripts},
  booktitle = {CHI},
  year      = {2011},
  pages     = {3363-3372}
}

@article{Lau09,
  author    = {Tessa Lau},
  title     = {Why Programming-By-Demonstration Systems Fail: Lessons Learned
               for Usable AI},
  journal   = {AI Magazine},
  volume    = {30},
  number    = {4},
  year      = {2009},
  pages     = {65-67}
}

@article{galenson_hint_2013,
	title = {A Hint in the Right Direction: Interactive Synthesis with Partial Dynamic Specifications},
	shorttitle = {A Hint in the Right Direction},
	author = {Galenson, Joel and Reames, Philip and Bodik, Rastislav and Sen, Koushik},
	year = {2013}
}

@misc{code_snippet_2014,
title = {{C\# code snippets on demand}},
note = {\\\url{{codesnippet.research.microsoft.com}}},
author = { Yi Wei and
           Youssef Hamadi and
           Sumit Gulwani and
           Mukund Rghothaman
         },
year = {2014}
}
