@misc{API,
  author    = {Beller M, Gousios G, Zaidman A.},
  title     = {Oops, my tests broke the build: An analysis of Travis CI builds with GitHub},
  year      = {2016},
  url       = {https://doi.org/10.7287/peerj.preprints.1984v1},
  doi       = {10.7287/peerj.preprints.1984v1},
  howpublished = {PREPRINT},

}

@Inbook{Santolucito2016,
author="Santolucito, Mark
and Zhai, Ennan
and Piskac, Ruzica",
title="Probabilistic Automated Language Learning for Configuration Files",
bookTitle="Computer Aided Verification: 28th International Conference, CAV 2016, Toronto, ON, Canada, July 17-23, 2016, Proceedings, Part II",
year="2016",
publisher="Springer International Publishing",
address="Cham",
pages="80--87",
isbn="978-3-319-41540-6",
doi="10.1007/978-3-319-41540-6\_5",
}



@inproceedings{lau2000version,
  title={Version Space Algebra and its Application to Programming by Demonstration.},
  author={Lau, Tessa A and Domingos, Pedro M and Weld, Daniel S},
  booktitle={ICML},
  pages={527--534},
  year={2000}
}
