@inproceedings{yin2011,
  title={An empirical study on configuration errors in commercial and open source systems},
  author={Yin, Zuoning and Ma, Xiao and Zheng, Jing and Zhou, Yuanyuan and Bairavasundaram, Lakshmi N and Pasupathy, Shankar},
  booktitle={Proceedings of the Twenty-Third ACM Symposium on Operating Systems Principles},
  pages={159--172},
  year={2011},
  organization={ACM}
}
